<record><leader>00000cas a22000007a 4500</leader><controlfield tag="001">9819111</controlfield><controlfield tag="008">830818d19831983miuwr ne      0   a0eng d</controlfield><datafield ind1=" " ind2=" " tag="010"><subfield code="a">sn 83008627 </subfield></datafield><datafield ind1=" " ind2=" " tag="040"><subfield code="a">NSD</subfield><subfield code="b">eng</subfield><subfield code="c">NSD</subfield><subfield code="d">OCLCQ</subfield></datafield><datafield ind1=" " ind2=" " tag="012"><subfield code="j">0</subfield><subfield code="l">1</subfield></datafield><datafield ind1="1" ind2=" " tag="022"><subfield code="a">0746-1720</subfield><subfield code="l">0746-1720</subfield><subfield code="2">1</subfield></datafield><datafield ind1=" " ind2=" " tag="037"><subfield code="b">Hastings Independent Publishers, 301 S. Michigan Ave., Hastings, MI 49058</subfield></datafield><datafield ind1=" " ind2=" " tag="042"><subfield code="a">nsdp</subfield></datafield><datafield ind1=" " ind2="0" tag="222"><subfield code="a">Hastings, Michigan independent reporter</subfield></datafield><datafield ind1="0" ind2="0" tag="245"><subfield code="a">Hastings, Michigan independent reporter.</subfield></datafield><datafield ind1="3" ind2="0" tag="246"><subfield code="a">Independent reporter</subfield></datafield><datafield ind1="3" ind2="0" tag="246"><subfield code="a">HIR</subfield></datafield><datafield ind1="1" ind2="7" tag="246"><subfield code="a">H.I.R.</subfield></datafield><datafield ind1=" " ind2=" " tag="260"><subfield code="a">[Hastings, Mich. :</subfield><subfield code="b">Hastings Independent Publishers]</subfield></datafield><datafield ind1=" " ind2=" " tag="310"><subfield code="a">Weekly</subfield></datafield><datafield ind1="1" ind2=" " tag="362"><subfield code="a">Began in 1983; ceased in 1983.</subfield></datafield><datafield ind1=" " ind2=" " tag="588"><subfield code="a">Description based on: Vol. 1, no. 2 (July 7, '83); title from caption.</subfield></datafield><datafield ind1=" " ind2=" " tag="752"><subfield code="a">United States</subfield><subfield code="b">Michigan</subfield><subfield code="c">Barry</subfield><subfield code="d">Hasting.</subfield></datafield><datafield ind1="0" ind2="0" tag="785"><subfield code="t">Hastings independent reporter</subfield><subfield code="x">0746-2700</subfield></datafield><datafield ind1=" " ind2=" " tag="936"><subfield code="a">July 28, 1983</subfield></datafield></record>